@article{bott1969,
    author = {Bott, M H P},
    journal = {Durham geophysical computer specification},
    mendeley-groups = {THESIS},
    number = {7},
    title = {{GRAVN}},
    volume = {1},
    year = {1969}
}

@article{talwani1959,
    author = {Talwani, Manik and Worzel, J. Lamar and Landisman, Mark},
    doi = {10.1029/JZ064i001p00049},
    isbn = {2156-2202},
    issn = {0148-0227},
    journal = {Journal of Geophysical Research},
    number = {1},
    pages = {49--59},
    title = {{Rapid Gravity Computations for Two-Dimensional Bodies with Application to the Mendocino Submarine Fracture Zone}},
    volume = {64},
    year = {1959}
}

@book{heiland1940,
    title={Geophysical Exploration},
    author={Heiland, C.A.},
    lccn={40035171},
    series={Geology series / edited by Norman E.A. Hinds},
    year={1940},
    publisher={Prentice-Hall, Incorporated}
}

@book{kearey2013,
    author = {Kearey, P and Brooks, M and Hill, I},
    mendeley-groups = {No PDF,THESIS},
    pages = {262},
    publisher = {Blackwell Publishing},
    title = {{An Introduction to Geophysical Exploration}},
    year = {2013}
}

@book{garland1965,
    author = {Garland, G D},
    doi = {10.1016/B978-0-08-010822-3.50011-X},
    isbn = {9780080108223},
    mendeley-groups = {No PDF,THESIS},
    publisher = {Elsevier},
    title = {{The Earth's Shape and Gravity}},
    year = {1965}
}

@incollection{talwani1964,
    author = {Talwani, M and Heirtzler, J. R.},
    booktitle = {Computers in the mineral industries, Part 1},
    mendeley-groups = {THESIS},
    pages = {464--480},
    title = {{Computation of magnetic anomalies caused by two dimensional bodies of arbitrary shape}},
    volume = {9},
    year = {1964}
}

@article{reford1964,
    author = {Reford, S.},
    doi = {10.1190/1.1439388},
    issn = {1070485X},
    journal = {Geophysics},
    number = {4},
    pages = {532--536},
    title = {{Magnetic anomalies over thin sheets}},
    volume = {XXIX},
    year = {1964}
}

@article{Kimbell2011,
    author = {Kimbell, G. S. and Young, B. and Millward, D. and Crowley, Q. G.},
    doi = {10.1144/pygs.58.1.273},
    file = {:Users/btozer/Documents/PAPERS/Kimbell{\_}etal{\_}2010{\_}weardale{\_}granite.pdf:pdf},
    issn = {0044-0604},
    journal = {Proceedings of the Yorkshire Geological Society},
    number = {2},
    pages = {107--128},
    title = {{The North Pennine batholith (Weardale Granite) of northern England: new data on its age and form}},
    volume = {58},
    year = {2011}
}

@article{bott1967,
    author = {Bott, M. H. P.},
    file = {:Users/btozer/Desktop/GMG{\_}TUTORIAL/UK{\_}digitising/FIGURES/bott1967.pdf:pdf},
    journal = {Proceedings of the Yorkshire Geological Society},
    number = {9},
    pages = {139--168},
    title = {{Geophysical investigations of the northern pennine basement rocks}},
    volume = {36},
    year = {1967}
}

@article{dunham1961,
  title={Granite beneath the northern Pennines},
  author={Dunham, KC and Johnson, GAL and Bott, MHP and Hodge, BL},
  journal={Nature},
  volume={190},
  number={4779},
  pages={899},
  year={1961},
  publisher={Nature Publishing Group}
}

@book{sleep1997,
  title={Principles of Modern Geophysics},
  author={Sleep, N.H. and Fujita, K.},
  isbn={9780865420755},
  lccn={96038995},
  url={https://books.google.co.nz/books?id=sZ5BkgEACAAJ},
  year={1997},
  publisher={Blackwell Science}
}
